@Article{keys,
  author =       {R[obert] G[] Keys},
  title =        {Cubic convolution interpolation for digital image processing
},
  journal =      {IEEE Transactions on Acoustics, Speech, and Signal Processing},
  year =         1981,
  volume =       {ASSP-29},
  pages =        {1153-1160}
}

@article{hall,
  title={Smooth operator: {Smoothing} seismic interpretations and attributes},
  author={M[att] Hall},
  journal={The Leading Edge},
  volume={26},
  number={1},
  pages={16-20},
  year={2007},
  publisher={Society of Exploration Geophysicists}
}
